%% This BibTeX bibliography file was created using BibDesk.
%% http://bibdesk.sourceforge.net/

%% Created for Simon Hewitt at 2015-02-28 20:37:53 +0000 


%% Saved with string encoding Unicode (UTF-8) 



@webpage{PGN-Wiki,
	Date-Added = {2015-02-28 15:39:41 +0000},
	Date-Modified = {2015-02-28 15:40:52 +0000},
	Keywords = {Wikipedia},
	Lastchecked = {28/3/2015},
	Title = {Portable Game Notation},
	Url = {http://en.wikipedia.org/wiki/Portable_Game_Notation},
	Year = {2015}}

@webpage{PGN-94,
	Author = {Steven J. Edwards},
	Date-Added = {2015-02-28 15:37:39 +0000},
	Date-Modified = {2015-02-28 15:39:30 +0000},
	Institution = {The InternetChess Club},
	Keywords = {PGN},
	Lastchecked = {28/3/2015},
	Month = {March},
	Title = {Portable Game Notation Specification and Implementation Guide},
	Url = {http://www6.chessclub.com/help/PGN-spec},
	Year = {1994}}

@techreport{Assignment2Spec,
	Author = {Dr Ben Mora},
	Date-Added = {2015-02-28 10:27:22 +0000},
	Date-Modified = {2015-02-28 10:37:58 +0000},
	Institution = {Swansea University, Department of Computer Science},
	Keywords = {Assignment},
	Month = {February},
	Title = {M24 Group Project Part II A Specifications and Design Document},
	Type = {Assignment},
	Year = {2015}}
