%% This BibTeX bibliography file was created using BibDesk.
%% http://bibdesk.sourceforge.net/

%% Created for Simon Hewitt at 2015-02-28 10:45:04 +0000 


%% Saved with string encoding Unicode (UTF-8) 



@techreport{Assignment2Spec,
	Author = {Dr Ben Mora},
	Date-Added = {2015-02-28 10:27:22 +0000},
	Date-Modified = {2015-02-28 10:37:58 +0000},
	Institution = {Swansea University, Department of Computer Science},
	Keywords = {Assignment},
	Month = {February},
	Title = {M24 Group Project Part II A Specifications and Design Document},
	Type = {Assignment},
	Year = {2015}}
